<record><leader>01636cem a2200397 a 4500</leader><controlfield tag="001">1333823</controlfield><controlfield tag="007">aj canzn</controlfield><controlfield tag="008">901105s1985    onc    cc a  fa     eng c</controlfield><datafield ind1="1" ind2=" " tag="034"><subfield code="a">a</subfield><subfield code="b">7500000</subfield><subfield code="d">W1410000</subfield><subfield code="e">W0520000</subfield><subfield code="f">N0900000</subfield><subfield code="g">N0414500</subfield></datafield><datafield ind1=" " ind2=" " tag="035"><subfield code="a">ocm70306715</subfield></datafield><datafield ind1=" " ind2=" " tag="040"><subfield code="b">eng</subfield></datafield><datafield ind1="0" ind2=" " tag="045"><subfield code="a">x8x8</subfield><subfield code="b">d1983</subfield></datafield><datafield ind1=" " ind2=" " tag="049"><subfield code="a">AEUB</subfield><subfield code="b">eng</subfield></datafield><datafield ind1=" " ind2=" " tag="052"><subfield code="a">3401</subfield></datafield><datafield ind1=" " ind2="3" tag="055"><subfield code="a">G 3401 N3</subfield><subfield code="b">C212 1985</subfield></datafield><datafield ind1=" " ind2=" " tag="090"><subfield code="a">G 3401 N3 1985</subfield><subfield code="b">AEC</subfield></datafield><datafield ind1="0" ind2=" " tag="090"><subfield code="a">G 3401 N3 C212 1985</subfield></datafield><datafield ind1="1" ind2=" " tag="110"><subfield code="a">Canada.</subfield><subfield code="b">Geographical Services Division.</subfield></datafield><datafield ind1="1" ind2="0" tag="245"><subfield code="a">Canada, energy and minerals</subfield><subfield code="h">[cartographic material] /</subfield><subfield code="c">produced by the Geographical Services Division, Surveys and Mapping Branch, Energy, Mines and Resources Canada.</subfield></datafield><datafield ind1=" " ind2=" " tag="250"><subfield code="a">5th ed.</subfield></datafield><datafield ind1=" " ind2=" " tag="255"><subfield code="a">Scale 1:7,500,000 ;</subfield><subfield code="b">Lambert conformal conic proj.</subfield></datafield><datafield ind1=" " ind2=" " tag="260"><subfield code="a">Ottawa :</subfield><subfield code="b">Canada Map Office, Energy, Mines and Resources Canada,</subfield><subfield code="c">1985.</subfield></datafield><datafield ind1=" " ind2=" " tag="300"><subfield code="a">1 map :</subfield><subfield code="b">col. ;</subfield><subfield code="c">74 x 85 cm.</subfield></datafield><datafield ind1=" " ind2=" " tag="336"><subfield code="a">cartographic image</subfield><subfield code="b">cri</subfield><subfield code="2">rdacontent</subfield></datafield><datafield ind1=" " ind2=" " tag="337"><subfield code="a">unmediated</subfield><subfield code="b">n</subfield><subfield code="2">rdamedia</subfield></datafield><datafield ind1="1" ind2=" " tag="490"><subfield code="a">National atlas of Canada. 41.1</subfield></datafield><datafield ind1=" " ind2=" " tag="500"><subfield code="a">Oil, gas, coal &amp; mineral resources; power stations; company index to electrical generating stations &amp; mines; date of info, 1983.</subfield></datafield><datafield ind1=" " ind2=" " tag="500"><subfield code="a">MCR 4103.</subfield></datafield><datafield ind1=" " ind2=" " tag="596"><subfield code="a">38</subfield></datafield><datafield ind1="1" ind2="0" tag="610"><subfield code="a">Canada.</subfield><subfield code="b">Natural Resources Canada</subfield><subfield code="v">Maps.</subfield></datafield><datafield ind1=" " ind2="0" tag="650"><subfield code="a">Power resources</subfield><subfield code="z">Canada</subfield><subfield code="v">Maps.</subfield></datafield><datafield ind1=" " ind2="0" tag="650"><subfield code="a">Mines and mineral resources</subfield><subfield code="z">Canada</subfield><subfield code="v">Maps.</subfield></datafield><datafield ind1=" " ind2="0" tag="650"><subfield code="a">Petroleum pipelines</subfield><subfield code="z">Canada</subfield><subfield code="v">Maps.</subfield></datafield><datafield ind1="1" ind2=" " tag="710"><subfield code="a">Canada.</subfield><subfield code="b">Map Office.</subfield></datafield><datafield ind1=" " ind2="0" tag="830"><subfield code="a">National atlas of Canada.</subfield><subfield code="n">41.1</subfield></datafield><datafield ind1=" " ind2=" " tag="926"><subfield code="a">G 3401 N3 C212 1985</subfield><subfield code="w">LC</subfield><subfield code="c">1</subfield><subfield code="i">000034859314</subfield><subfield code="l">ON_SHELF</subfield><subfield code="m">UABARD</subfield><subfield code="p">$150.00</subfield><subfield code="r">Y</subfield><subfield code="s">Y</subfield><subfield code="t">MAP</subfield><subfield code="u">11/7/1990</subfield><subfield code="o">.STAFF. A0075049</subfield></datafield></record>